@article{RN19,
   author = {Anas, Alex},
   title = {Discrete choice theory, information theory and the multinomial logit and gravity models},
   journal = {Transportation Research Part B: Methodological},
   volume = {17},
   number = {1},
   pages = {13-23},
   ISSN = {0191-2615},
   DOI = {10.1016/0191-2615(83)90023-1},
   url = {https://dx.doi.org/10.1016/0191-2615(83)90023-1},
   year = {1983},
   type = {Journal Article}
}

@article{RN81,
   author = {Horowitz, J. L.},
   title = {Specification Tests for Nested Logit Models},
   journal = {Environment and Planning A: Economy and Space},
   volume = {19},
   number = {3},
   pages = {395-402},
   ISSN = {0308-518X},
   DOI = {10.1068/a190395},
   url = {https://doi.org/10.1068/a190395},
   year = {1987},
   type = {Journal Article}
}

@article{RN35,
   author = {Recker, Wilfred W. and Kostyniuk, Lidia P.},
   title = {Factors influencing destination choice for the urban grocery shopping trip},
   journal = {Transportation},
   volume = {7},
   number = {1},
   pages = {19-33},
   ISSN = {0049-4488},
   DOI = {10.1007/bf00148369},
   url = {https://dx.doi.org/10.1007/bf00148369},
   year = {1978},
   type = {Journal Article}
}

@article{RN78,
   author = {Walker, J. and Ben-Akiva, M.},
   title = {Generalized random utility model},
   journal = {Mathematical Social Sciences},
   volume = {43},
   number = {3},
   pages = {303-343},
   ISSN = {0165-4896},
   DOI = {Pii S0165-4896(02)00023-9
Doi 10.1016/S0165-4896(02)00023-9},
   url = {<Go to ISI>://WOS:000177450100002},
   year = {2002},
   type = {Journal Article}
}

@article{RN79,
   author = {Walker, J. and Ben-Akiva, M.},
   title = {Generalized random utility model},
   journal = {Mathematical Social Sciences},
   volume = {43},
   number = {3},
   pages = {303-343},
   ISSN = {0165-4896},
   DOI = {Pii S0165-4896(02)00023-9
Doi 10.1016/S0165-4896(02)00023-9},
   url = {<Go to ISI>://WOS:000177450100002},
   year = {2002},
   type = {Journal Article}
}

@article{RN74,
   author = {Williams, H. C. W. L.},
   title = {On the Formation of Travel Demand Models and Economic Evaluation Measures of User Benefit},
   journal = {Environment and Planning A: Economy and Space},
   volume = {9},
   number = {3},
   pages = {285-344},
   ISSN = {0308-518X},
   DOI = {10.1068/a090285},
   url = {https://dx.doi.org/10.1068/a090285},
   year = {1977},
   type = {Journal Article}
}
